@article{DBLP:journals/corr/GkioxariM14,
  author    = {Georgia Gkioxari and
               Jitendra Malik},
  title     = {Finding Action Tubes},
  journal   = {CoRR},
  volume    = {abs/1411.6031},
  year      = {2014},
  url       = {http://arxiv.org/abs/1411.6031},
  archivePrefix = {arXiv},
  eprint    = {1411.6031},
  timestamp = {Mon, 13 Aug 2018 16:48:20 +0200},
  biburl    = {https://dblp.org/rec/bib/journals/corr/GkioxariM14},
  bibsource = {dblp computer science bibliography, https://dblp.org}
}
@article{Everingham10,
  author       = "Everingham, M. and Van~Gool, L. and Williams, C.~K.~I. and Winn, J. and Zisserman, A.",
  title        = "The {PASCAL Visual Object Classes (VOC)} Challenge",
  journal      = "International Journal of Computer Vision",
  number       = "2",
  volume       = "88",
  pages        = "303--338",
  year         = "2010",
}

@inproceedings{Tian:2013:SDP:2514950.2515975,
 author = {Tian, Yicong and Sukthankar, Rahul and Shah, Mubarak},
 title = {Spatiotemporal Deformable Part Models for Action Detection},
 booktitle = {Proceedings of the 2013 IEEE Conference on Computer Vision and Pattern Recognition},
 series = {CVPR '13},
 year = {2013},
 isbn = {978-0-7695-4989-7},
 pages = {2642--2649},
 numpages = {8},
 url = {https://doi.org/10.1109/CVPR.2013.341},
 doi = {10.1109/CVPR.2013.341},
 acmid = {2515975},
 publisher = {IEEE Computer Society},
 address = {Washington, DC, USA},
} 

