stath@laptop.9364:1569161089