@Comment Soft-NMS                  
@article{DBLP:journals/corr/BodlaSCD17,
  author    = {Navaneeth Bodla and
               Bharat Singh and
               Rama Chellappa and
               Larry S. Davis},
  title     = {Improving Object Detection With One Line of Code},
  journal   = {CoRR},
  volume    = {abs/1704.04503},
  year      = {2017},
  url       = {http://arxiv.org/abs/1704.04503},
  archivePrefix = {arXiv},
  eprint    = {1704.04503},
  timestamp = {Mon, 13 Aug 2018 16:48:23 +0200},
  biburl    = {https://dblp.org/rec/bib/journals/corr/BodlaSCD17},
  bibsource = {dblp computer science bibliography, https://dblp.org}
}
                  
@Comment MABO introduction                  
@article{DBLP:journals/corr/WinschelLE16,
  author    = {Anton Winschel and
               Rainer Lienhart and
               Christian Eggert},
  title     = {Diversity in Object Proposals},
  journal   = {CoRR},
  volume    = {abs/1603.04308},
  year      = {2016},
  url       = {http://arxiv.org/abs/1603.04308},
  archivePrefix = {arXiv},
  eprint    = {1603.04308},
  timestamp = {Mon, 13 Aug 2018 16:47:23 +0200},
  biburl    = {https://dblp.org/rec/bib/journals/corr/WinschelLE16},
  bibsource = {dblp computer science bibliography, https://dblp.org}
}
                  
@Comment Human Action Recognition Survey                  
@article{DBLP:journals/corr/abs-1806-11230,
  author    = {Yu Kong and
               Yun Fu},
  title     = {Human Action Recognition and Prediction: {A} Survey},
  journal   = {CoRR},
  volume    = {abs/1806.11230},
  year      = {2018},
  url       = {http://arxiv.org/abs/1806.11230},
  archivePrefix = {arXiv},
  eprint    = {1806.11230},
  timestamp = {Mon, 13 Aug 2018 16:49:09 +0200},
  biburl    = {https://dblp.org/rec/bib/journals/corr/abs-1806-11230},
  bibsource = {dblp computer science bibliography, https://dblp.org}
}                  
@Comment Pascal VOC                  
@article{Everingham:2010:PVO:1747084.1747104,
 author = {Everingham, Mark and Gool, Luc and Williams, Christopher K. and Winn, John and Zisserman, Andrew},
 title = {The Pascal Visual Object Classes (VOC) Challenge},
 journal = {Int. J. Comput. Vision},
 issue_date = {June      2010},
 volume = {88},
 number = {2},
 month = jun,
 year = {2010},
 issn = {0920-5691},
 pages = {303--338},
 numpages = {36},
 url = {http://dx.doi.org/10.1007/s11263-009-0275-4},
 doi = {10.1007/s11263-009-0275-4},
 acmid = {1747104},
 publisher = {Kluwer Academic Publishers},
 address = {Hingham, MA, USA},
 keywords = {Benchmark, Database, Object detection, Object recognition},
} 
                  
@Comment HMDB dataset                  
@InProceedings{Kuehne11,
   author= "Kuehne, H. and Jhuang, H. and Garrote, E. and Poggio, T. and Serre, T.",
   title = "{HMDB}: a large video database for human motion recognition",
   booktitle = "Proceedings of the International Conference on Computer Vision (ICCV)",
   year = "2011",
}
                  
@Comment JHMDB dataset                  
@inproceedings{Jhuang:ICCV:2013,
title = {Towards understanding action recognition},
author = {H. Jhuang and J. Gall and S. Zuffi and C. Schmid and M. J. Black},
booktitle = {International Conf. on Computer Vision (ICCV)},
month = Dec,
pages = {3192-3199},
year = {2013}
}                  
@Comment UCF dataset                  
@article{soomro2012ucf101,
    title={UCF101: A dataset of 101 human actions classes from videos in the wild},
    author={Soomro, Khurram and Zamir, Amir Roshan and Shah, Mubarak},
    journal={arXiv preprint arXiv:1212.0402},
    year={2012}
  }                  
               
@Comment Detect and track                  
@article{DBLP:journals/corr/abs-1712-09184,
  author    = {Rohit Girdhar and
               Georgia Gkioxari and
               Lorenzo Torresani and
               Manohar Paluri and
               Du Tran},
  title     = {Detect-and-Track: Efficient Pose Estimation in Videos},
  journal   = {CoRR},
  volume    = {abs/1712.09184},
  year      = {2017},
  url       = {http://arxiv.org/abs/1712.09184},
  archivePrefix = {arXiv},
  eprint    = {1712.09184},
  timestamp = {Mon, 13 Aug 2018 16:47:37 +0200},
  biburl    = {https://dblp.org/rec/bib/journals/corr/abs-1712-09184},
  bibsource = {dblp computer science bibliography, https://dblp.org}
}
                  
@Comment Mask RCNN                  
@article{DBLP:journals/corr/HeGDG17,
  author    = {Kaiming He and
               Georgia Gkioxari and
               Piotr Doll{\'{a}}r and
               Ross B. Girshick},
  title     = {Mask {R-CNN}},
  journal   = {CoRR},
  volume    = {abs/1703.06870},
  year      = {2017},
  url       = {http://arxiv.org/abs/1703.06870},
  archivePrefix = {arXiv},
  eprint    = {1703.06870},
  timestamp = {Mon, 13 Aug 2018 16:46:36 +0200},
  biburl    = {https://dblp.org/rec/bib/journals/corr/HeGDG17},
  bibsource = {dblp computer science bibliography, https://dblp.org}
}
                  
@Comment Faster-RCNN                  
@inproceedings{Ren:2015:FRT:2969239.2969250,
 author = {Ren, Shaoqing and He, Kaiming and Girshick, Ross and Sun, Jian},
 title = {Faster R-CNN: Towards Real-time Object Detection with Region Proposal Networks},
 booktitle = {Proceedings of the 28th International Conference on Neural Information Processing Systems - Volume 1},
 series = {NIPS'15},
 year = {2015},
 location = {Montreal, Canada},
 pages = {91--99},
 numpages = {9},
 url = {http://dl.acm.org/citation.cfm?id=2969239.2969250},
 acmid = {2969250},
 publisher = {MIT Press},
 address = {Cambridge, MA, USA},
}
                  
@Comment Faster-RCNN pytorch implementation
@article{jjfaster2rcnn,
    Author = {Jianwei Yang and Jiasen Lu and Dhruv Batra and Devi Parikh},
    Title = {A Faster Pytorch Implementation of Faster R-CNN},
    Journal = {https://github.com/jwyang/faster-rcnn.pytorch},
    Year = {2017}
}
                  
@Comment R-CNN                  
@article{DBLP:journals/corr/GirshickDDM13,
  author    = {Ross B. Girshick and
               Jeff Donahue and
               Trevor Darrell and
               Jitendra Malik},
  title     = {Rich feature hierarchies for accurate object detection and semantic
               segmentation},
  journal   = {CoRR},
  volume    = {abs/1311.2524},
  year      = {2013},
  url       = {http://arxiv.org/abs/1311.2524},
  archivePrefix = {arXiv},
  eprint    = {1311.2524},
  timestamp = {Mon, 13 Aug 2018 16:48:09 +0200},
  biburl    = {https://dblp.org/rec/bib/journals/corr/GirshickDDM13},
  bibsource = {dblp computer science bibliography, https://dblp.org}
}
                  
@Comment Fast-RCNN
@inproceedings{Girshick:2015:FR:2919332.2920125,
 author = {Girshick, Ross},
 title = {Fast R-CNN},
 booktitle = {Proceedings of the 2015 IEEE International Conference on Computer Vision (ICCV)},
 series = {ICCV '15},
 year = {2015},
 isbn = {978-1-4673-8391-2},
 pages = {1440--1448},
 numpages = {9},
 url = {http://dx.doi.org/10.1109/ICCV.2015.169},
 doi = {10.1109/ICCV.2015.169},
 acmid = {2920125},
 publisher = {IEEE Computer Society},
 address = {Washington, DC, USA},
} 
 
@Comment YOLO                 
@article{DBLP:journals/corr/RedmonDGF15,
  author    = {Joseph Redmon and
               Santosh Kumar Divvala and
               Ross B. Girshick and
               Ali Farhadi},
  title     = {You Only Look Once: Unified, Real-Time Object Detection},
  journal   = {CoRR},
  volume    = {abs/1506.02640},
  year      = {2015},
  url       = {http://arxiv.org/abs/1506.02640},
  archivePrefix = {arXiv},
  eprint    = {1506.02640},
  timestamp = {Mon, 13 Aug 2018 16:48:08 +0200},
  biburl    = {https://dblp.org/rec/bib/journals/corr/RedmonDGF15},
  bibsource = {dblp computer science bibliography, https://dblp.org}
}
@Comment SIFT                  
@article{Lowe2004
,	author	= {Lowe, David G.}
,	journal	= {International Journal of Computer Vision}
,	month	= {nov}
,	number	= {2}
,	pages	= {91--110}
,	title	= {Distinctive Image Features from Scale-Invariant Keypoints}
,	volume	= {60}
,	year	= {2004}
}


@Comment HOG
@article{dalal2005histogramcvpr
,	author	= {Dalal, Navneet and Triggs, Bill}
,	title	= {Histograms of oriented gradients for human detection}
,	journal	= {CVPR}
,	year	= {2005}
}

@Comment optical flow
@incollection{dalal2006human
,	title	= {Human detection using oriented histograms of flow and appearance}
,	author	= {Dalal, Navneet and Triggs, Bill and Schmid, Cordelia}
,	booktitle	= {Computer Vision--ECCV 2006}
,	pages	= {428--441}
,	year	= {2006}
,	publisher	= {Springer}
}

@Comment 3D Convolution
@article{pmid:22392705
,	title	= {3D convolutional neural networks for human action recognition.}
,	author	= {Ji, Shuiwang and Yang, Ming and Yu, Kai}
,	journal	= {IEEE transactions on pattern analysis and machine intelligence}
,	journal-iso	= {IEEE Trans Pattern Anal Mach Intell}
,	volume	= {35}
,	number	= {1}
,	year	= {2013}
,	month	= {Jan}
,	pages	= {221--31}
,	pmid	= {22392705}
}
                  
@Comment 2 stream cnn -> classification
@inproceedings{simonyan2014two
,	title	= {Two-stream convolutional networks for action recognition in videos}
,	author	= {Simonyan, Karen and Zisserman, Andrew}
,	booktitle	= {Advances in Neural Information Processing Systems}
,	pages	= {568--576}
,	year	= {2014}
}



@Comment Finding action tubes
@article{DBLP:journals/corr/GkioxariM14,
  author    = {Georgia Gkioxari and
               Jitendra Malik},
  title     = {Finding Action Tubes},
  journal   = {CoRR},
  volume    = {abs/1411.6031},
  year      = {2014},
  url       = {http://arxiv.org/abs/1411.6031},
  archivePrefix = {arXiv},
  eprint    = {1411.6031},
  timestamp = {Mon, 13 Aug 2018 16:48:20 +0200},
  biburl    = {https://dblp.org/rec/bib/journals/corr/GkioxariM14},
  bibsource = {dblp computer science bibliography, https://dblp.org}
}

@Comment ACT-detector                 
@inproceedings{kalogeiton17iccv:hal-01519812,
  TITLE = {{Action Tubelet Detector for Spatio-Temporal Action Localization}},
  AUTHOR = {Kalogeiton, Vicky and Weinzaepfel, Philippe and Ferrari, Vittorio and Schmid, Cordelia},
  YEAR = {2017},
  MONTH = Oct,
  BOOKTITLE = {{ICCV 2017 - IEEE International Conference on Computer Vision}},
  ADDRESS = {Venice, Italy},
}
@Comment T-CNN                  
@article{DBLP:journals/corr/HouCS17,
  author    = {Rui Hou and
               Chen Chen and
               Mubarak Shah},
  title     = {Tube Convolutional Neural Network {(T-CNN)} for Action Detection in
               Videos},
  journal   = {CoRR},
  volume    = {abs/1703.10664},
  year      = {2017},
  url       = {http://arxiv.org/abs/1703.10664},
  archivePrefix = {arXiv},
  eprint    = {1703.10664},
  timestamp = {Tue, 14 May 2019 16:43:30 +0200},
  biburl    = {https://dblp.org/rec/bib/journals/corr/HouCS17},
  bibsource = {dblp computer science bibliography, https://dblp.org}
}
                  
@Comment Learning to track
@article{DBLP:journals/corr/WeinzaepfelHS15,
  author    = {Philippe Weinzaepfel and
               Za{\"{\i}}d Harchaoui and
               Cordelia Schmid},
  title     = {Learning to track for spatio-temporal action localization},
  journal   = {CoRR},
  volume    = {abs/1506.01929},
  year      = {2015},
  url       = {http://arxiv.org/abs/1506.01929},
  archivePrefix = {arXiv},
  eprint    = {1506.01929},
  timestamp = {Mon, 13 Aug 2018 16:48:55 +0200},
  biburl    = {https://dblp.org/rec/bib/journals/corr/WeinzaepfelHS15},
  bibsource = {dblp computer science bibliography, https://dblp.org}
}

@Comment Multi-region two-stream R-CNN
@inproceedings{peng:hal-01349107,
  TITLE = {{Multi-region two-stream R-CNN for action detection}},
  AUTHOR = {Peng, Xiaojiang and Schmid, Cordelia},
  URL = {https://hal.inria.fr/hal-01349107},
  BOOKTITLE = {{ECCV - European Conference on Computer Vision}},
  ADDRESS = {Amsterdam, Netherlands},
  PUBLISHER = {{Springer}},
  SERIES = {Lecture Notes in Computer Science},
  VOLUME = {9908},
  PAGES = {744-759},
  YEAR = {2016},
  MONTH = Oct,
  DOI = {10.1007/978-3-319-46493-0\_45},
  KEYWORDS = {two stream R-CNN ; multi-region CNNs ; faster R-CNN ; Action detection},
  PDF = {https://hal.inria.fr/hal-01349107/file/eccv16-pxj-v3.pdf},
  HAL_ID = {hal-01349107},
  HAL_VERSION = {v3},
}
                  
@Comment Online Real time Multiple Spatiotemporal Action Localisation
 @inproceedings{singh2016online,
    title={Online Real time Multiple Spatiotemporal Action Localisation and Prediction},
    author={Singh, Gurkirt and Saha, Suman and Sapienza, Michael and Torr, Philip and Cuzzolin, Fabio},
    jbooktitle={ICCV},
    year={2017}
  }


@Comment FPN
@article{DBLP:journals/corr/LinDGHHB16,
  author    = {Tsung{-}Yi Lin and
               Piotr Doll{\'{a}}r and
               Ross B. Girshick and
               Kaiming He and
               Bharath Hariharan and
               Serge J. Belongie},
  title     = {Feature Pyramid Networks for Object Detection},
  journal   = {CoRR},
  volume    = {abs/1612.03144},
  year      = {2016},
  url       = {http://arxiv.org/abs/1612.03144},
  archivePrefix = {arXiv},
  eprint    = {1612.03144},
  timestamp = {Mon, 13 Aug 2018 16:48:50 +0200},
  biburl    = {https://dblp.org/rec/bib/journals/corr/LinDGHHB16},
  bibsource = {dblp computer science bibliography, https://dblp.org}
}

                  

@Comment SSD                  
@article{DBLP:journals/corr/LiuAESR15,
  author    = {Wei Liu and
               Dragomir Anguelov and
               Dumitru Erhan and
               Christian Szegedy and
               Scott E. Reed and
               Cheng{-}Yang Fu and
               Alexander C. Berg},
  title     = {{SSD:} Single Shot MultiBox Detector},
  journal   = {CoRR},
  volume    = {abs/1512.02325},
  year      = {2015},
  url       = {http://arxiv.org/abs/1512.02325},
  archivePrefix = {arXiv},
  eprint    = {1512.02325},
  timestamp = {Mon, 13 Aug 2018 16:48:29 +0200},
  biburl    = {https://dblp.org/rec/bib/journals/corr/LiuAESR15},
  bibsource = {dblp computer science bibliography, https://dblp.org}
}

@Comment RNN progress
@article{DBLP:journals/corr/abs-1903-00304,
  author    = {Bo Hu and
               Jianfei Cai and
               Tat{-}Jen Cham and
               Junsong Yuan},
  title     = {Progress Regression {RNN} for Online Spatial-Temporal Action Localization
               in Unconstrained Videos},
  journal   = {CoRR},
  volume    = {abs/1903.00304},
  year      = {2019},
  url       = {http://arxiv.org/abs/1903.00304},
  archivePrefix = {arXiv},
  eprint    = {1903.00304},
  timestamp = {Sat, 30 Mar 2019 19:27:21 +0100},
  biburl    = {https://dblp.org/rec/bib/journals/corr/abs-1903-00304},
  bibsource = {dblp computer science bibliography, https://dblp.org}
}

@Comment 3D resnet-pytorch
@inproceedings{hara3dcnns,
  author={Kensho Hara and Hirokatsu Kataoka and Yutaka Satoh},
  title={Can Spatiotemporal 3D CNNs Retrace the History of 2D CNNs and ImageNet?},
  booktitle={Proceedings of the IEEE Conference on Computer Vision and Pattern Recognition (CVPR)},
  pages={6546--6555},
  year={2018},
}

@Comment 2D ResNet
@article{DBLP:journals/corr/HeZRS15,
  author    = {Kaiming He and
               Xiangyu Zhang and
               Shaoqing Ren and
               Jian Sun},
  title     = {Deep Residual Learning for Image Recognition},
  journal   = {CoRR},
  volume    = {abs/1512.03385},
  year      = {2015},
  url       = {http://arxiv.org/abs/1512.03385},
  archivePrefix = {arXiv},
  eprint    = {1512.03385},
  timestamp = {Wed, 17 Apr 2019 17:23:45 +0200},
  biburl    = {https://dblp.org/rec/bib/journals/corr/HeZRS15},
  bibsource = {dblp computer science bibliography, https://dblp.org}
}

@Comment Kinetics Dataset
@article{DBLP:journals/corr/KayCSZHVVGBNSZ17,
  author    = {Will Kay and
               Jo{\~{a}}o Carreira and
               Karen Simonyan and
               Brian Zhang and
               Chloe Hillier and
               Sudheendra Vijayanarasimhan and
               Fabio Viola and
               Tim Green and
               Trevor Back and
               Paul Natsev and
               Mustafa Suleyman and
               Andrew Zisserman},
  title     = {The Kinetics Human Action Video Dataset},
  journal   = {CoRR},
  volume    = {abs/1705.06950},
  year      = {2017},
  url       = {http://arxiv.org/abs/1705.06950},
  archivePrefix = {arXiv},
  eprint    = {1705.06950},
  timestamp = {Mon, 13 Aug 2018 16:46:23 +0200},
  biburl    = {https://dblp.org/rec/bib/journals/corr/KayCSZHVVGBNSZ17},
  bibsource = {dblp computer science bibliography, https://dblp.org}
}

@Comment T3D
@article{DBLP:journals/corr/abs-1711-08200,
  author    = {Ali Diba and
               Mohsen Fayyaz and
               Vivek Sharma and
               Amir Hossein Karami and
               Mohammad Mahdi Arzani and
               Rahman Yousefzadeh and
               Luc Van Gool},
  title     = {Temporal 3D ConvNets: New Architecture and Transfer Learning for Video
               Classification},
  journal   = {CoRR},
  volume    = {abs/1711.08200},
  year      = {2017},
  url       = {http://arxiv.org/abs/1711.08200},
  archivePrefix = {arXiv},
  eprint    = {1711.08200},
  timestamp = {Mon, 13 Aug 2018 16:48:57 +0200},
  biburl    = {https://dblp.org/rec/bib/journals/corr/abs-1711-08200},
  bibsource = {dblp computer science bibliography, https://dblp.org}
}


                  
@article{Aggarwal:2011:HAA:1922649.1922653,
 author = {Aggarwal, J.K. and Ryoo, M.S.},
 title = {Human Activity Analysis: A Review},
 journal = {ACM Comput. Surv.},
 issue_date = {April 2011},
 volume = {43},
 number = {3},
 month = apr,
 year = {2011},
 issn = {0360-0300},
 pages = {16:1--16:43},
 articleno = {16},
 numpages = {43},
 url = {http://doi.acm.org/10.1145/1922649.1922653},
 doi = {10.1145/1922649.1922653},
 acmid = {1922653},
 publisher = {ACM},
 address = {New York, NY, USA},
 keywords = {Computer vision, activity analysis, event detection, human activity recognition, video recognition},
} 

@Comment 2-steam FasterRCNN
@article{DBLP:journals/corr/SahaSSTC16,
  author    = {Suman Saha and
               Gurkirt Singh and
               Michael Sapienza and
               Philip H. S. Torr and
               Fabio Cuzzolin},
  title     = {Deep Learning for Detecting Multiple Space-Time Action Tubes in Videos},
  journal   = {CoRR},
  volume    = {abs/1608.01529},
  year      = {2016},
  url       = {http://arxiv.org/abs/1608.01529},
  archivePrefix = {arXiv},
  eprint    = {1608.01529},
  timestamp = {Mon, 13 Aug 2018 16:46:29 +0200},
  biburl    = {https://dblp.org/rec/bib/journals/corr/SahaSSTC16},
  bibsource = {dblp computer science bibliography, https://dblp.org}
}                  

@Comment 3D CNNS                  
@ARTICLE{6165309,
author={S. {Ji} and W. {Xu} and M. {Yang} and K. {Yu}},
journal={IEEE Transactions on Pattern Analysis and Machine Intelligence},
title={3D Convolutional Neural Networks for Human Action Recognition},
year={2013},
volume={35},
number={1},
pages={221-231},
keywords={feature extraction;gesture recognition;image classification;image motion analysis;image representation;neural nets;spatiotemporal phenomena;video surveillance;3D convolutional neural networks;automated human action recognition;complex handcrafted features;deep model;3D CNN model;temporal dimensions;spatial dimensions;motion information encoding;feature representation;high-level features;airport surveillance videos;baseline methods;Three dimensional displays;Solid modeling;Feature extraction;Computer architecture;Videos;Kernel;Computational modeling;Deep learning;convolutional neural networks;3D convolution;model combination;action recognition;Algorithms;Decision Support Techniques;Image Interpretation, Computer-Assisted;Imaging, Three-Dimensional;Movement;Neural Networks (Computer);Pattern Recognition, Automated;Subtraction Technique},
doi={10.1109/TPAMI.2012.59},
ISSN={},
month={Jan},}
                  
                  
@Comment Action localization with tubelets from motion - Introduction of tubelets
@INPROCEEDINGS{6909495,
author={M. {Jain} and J. v. {Gemert} and H. {Jégou} and P. {Bouthemy} and C. G. M. {Snoek}},
booktitle={2014 IEEE Conference on Computer Vision and Pattern Recognition},
title={Action Localization with Tubelets from Motion},
year={2014},
volume={},
number={},
pages={740-747},
keywords={image motion analysis;image sampling;image sequences;action localization;sampling strategy;2D+t sequences;bounding boxes;tubelets;image localization;super-voxel;action related motion;background motion;bounding box sequences;Videos;Merging;Histograms;Motion segmentation;Search problems;Image segmentation;Image color analysis},
doi={10.1109/CVPR.2014.100},
ISSN={},
month={June},}

@Comment Two-Stream Convolutional Networks for Action Recognition in Videos
@article{DBLP:journals/corr/SimonyanZ14,
  author    = {Karen Simonyan and
               Andrew Zisserman},
  title     = {Two-Stream Convolutional Networks for Action Recognition in Videos},
  journal   = {CoRR},
  volume    = {abs/1406.2199},
  year      = {2014},
  url       = {http://arxiv.org/abs/1406.2199},
  archivePrefix = {arXiv},
  eprint    = {1406.2199},
  timestamp = {Mon, 13 Aug 2018 16:47:39 +0200},
  biburl    = {https://dblp.org/rec/bib/journals/corr/SimonyanZ14},
  bibsource = {dblp computer science bibliography, https://dblp.org}
}
                  
@Comment Rethinking the Faster R-CNN Architecture for Temporal Action Localization
 @InProceedings{Chao_2018_CVPR,
author = {Chao, Yu-Wei and Vijayanarasimhan, Sudheendra and Seybold, Bryan and Ross, David A. and Deng, Jia and Sukthankar, Rahul},
title = {Rethinking the Faster R-CNN Architecture for Temporal Action Localization},
booktitle = {The IEEE Conference on Computer Vision and Pattern Recognition (CVPR)},
month = {June},
year = {2018}
}
                  
@Comment 2 strean action localization                  
@article{DBLP:journals/corr/abs-1802-08362,
  author    = {Alaaeldin El{-}Nouby and
               Graham W. Taylor},
  title     = {Real-Time End-to-End Action Detection with Two-Stream Networks},
  journal   = {CoRR},
  volume    = {abs/1802.08362},
  year      = {2018},
  url       = {http://arxiv.org/abs/1802.08362},
  archivePrefix = {arXiv},
  eprint    = {1802.08362},
  timestamp = {Mon, 13 Aug 2018 16:48:54 +0200},
  biburl    = {https://dblp.org/rec/bib/journals/corr/abs-1802-08362},
  bibsource = {dblp computer science bibliography, https://dblp.org}
}
                  
@Comment Large-Scale Video Classification with Convolutional Neural Networks to prwto me cnn
@INPROCEEDINGS{6909619,
author={A. {Karpathy} and G. {Toderici} and S. {Shetty} and T. {Leung} and R. {Sukthankar} and L. {Fei-Fei}},
booktitle={2014 IEEE Conference on Computer Vision and Pattern Recognition},
title={Large-Scale Video Classification with Convolutional Neural Networks},
year={2014},
volume={},
number={},
pages={1725-1732},
keywords={image classification;image motion analysis;multimedia computing;neural nets;social networking (online);spatiotemporal phenomena;video signal processing;video classification;convolutional neural networks;CNN;image recognition problems;YouTube videos;local spatiotemporal information;spatiotemporal networks;feature-based baselines;UCF-101 action recognition dataset;UCF-101 baseline model;Streaming media;Training;Computer architecture;Spatial resolution;Computational modeling;Feature extraction;convolutional;neural;network;video;classification;action;recognition;large-scale;dataset;sports},
doi={10.1109/CVPR.2014.223},
ISSN={},
month={June},}
                  
@Comment Convolutional Two-Stream Network Fusion for Video Action Recognition allo ena gia action recognition
@article{DBLP:journals/corr/FeichtenhoferPZ16,
  author    = {Christoph Feichtenhofer and
               Axel Pinz and
               Andrew Zisserman},
  title     = {Convolutional Two-Stream Network Fusion for Video Action Recognition},
  journal   = {CoRR},
  volume    = {abs/1604.06573},
  year      = {2016},
  url       = {http://arxiv.org/abs/1604.06573},
  archivePrefix = {arXiv},
  eprint    = {1604.06573},
  timestamp = {Mon, 13 Aug 2018 16:45:57 +0200},
  biburl    = {https://dblp.org/rec/bib/journals/corr/FeichtenhoferPZ16},
  bibsource = {dblp computer science bibliography, https://dblp.org}
}

@Comment To prwto me LSTM
@article{DBLP:journals/corr/DonahueHGRVSD14,
  author    = {Jeff Donahue and
               Lisa Anne Hendricks and
               Sergio Guadarrama and
               Marcus Rohrbach and
               Subhashini Venugopalan and
               Kate Saenko and
               Trevor Darrell},
  title     = {Long-term Recurrent Convolutional Networks for Visual Recognition
               and Description},
  journal   = {CoRR},
  volume    = {abs/1411.4389},
  year      = {2014},
  url       = {http://arxiv.org/abs/1411.4389},
  archivePrefix = {arXiv},
  eprint    = {1411.4389},
  timestamp = {Mon, 13 Aug 2018 16:46:59 +0200},
  biburl    = {https://dblp.org/rec/bib/journals/corr/DonahueHGRVSD14},
  bibsource = {dblp computer science bibliography, https://dblp.org}
}                  
                  
@Comment Exei LSTM                  
@article{DBLP:journals/corr/NgHVVMT15,
  author    = {Joe Yue{-}Hei Ng and
               Matthew J. Hausknecht and
               Sudheendra Vijayanarasimhan and
               Oriol Vinyals and
               Rajat Monga and
               George Toderici},
  title     = {Beyond Short Snippets: Deep Networks for Video Classification},
  journal   = {CoRR},
  volume    = {abs/1503.08909},
  year      = {2015},
  url       = {http://arxiv.org/abs/1503.08909},
  archivePrefix = {arXiv},
  eprint    = {1503.08909},
  timestamp = {Mon, 13 Aug 2018 16:46:23 +0200},
  biburl    = {https://dblp.org/rec/bib/journals/corr/NgHVVMT15},
  bibsource = {dblp computer science bibliography, https://dblp.org}
}                  
                  
@Comment To trito                  
@article{DBLP:journals/corr/MaCKA17,
  author    = {Chih{-}Yao Ma and
               Min{-}Hung Chen and
               Zsolt Kira and
               Ghassan AlRegib},
  title     = {{TS-LSTM} and Temporal-Inception: Exploiting Spatiotemporal Dynamics
               for Activity Recognition},
  journal   = {CoRR},
  volume    = {abs/1703.10667},
  year      = {2017},
  url       = {http://arxiv.org/abs/1703.10667},
  archivePrefix = {arXiv},
  eprint    = {1703.10667},
  timestamp = {Mon, 13 Aug 2018 16:49:11 +0200},
  biburl    = {https://dblp.org/rec/bib/journals/corr/MaCKA17},
  bibsource = {dblp computer science bibliography, https://dblp.org}
}

@Comment To paper tou TCN                  
@article{DBLP:journals/corr/abs-1803-01271,
  author    = {Shaojie Bai and
               J. Zico Kolter and
               Vladlen Koltun},
  title     = {An Empirical Evaluation of Generic Convolutional and Recurrent Networks
               for Sequence Modeling},
  journal   = {CoRR},
  volume    = {abs/1803.01271},
  year      = {2018},
  url       = {http://arxiv.org/abs/1803.01271},
  archivePrefix = {arXiv},
  eprint    = {1803.01271},
  timestamp = {Mon, 13 Aug 2018 16:47:39 +0200},
  biburl    = {https://dblp.org/rec/bib/journals/corr/abs-1803-01271},
  bibsource = {dblp computer science bibliography, https://dblp.org}
}
                  
@Comment TSN - Temporal Segment Networks: Towards Good Practices for Deep Action Recognition - action recognition
@article{DBLP:journals/corr/WangXW0LTG16,
  author    = {Limin Wang and
               Yuanjun Xiong and
               Zhe Wang and
               Yu Qiao and
               Dahua Lin and
               Xiaoou Tang and
               Luc Van Gool},
  title     = {Temporal Segment Networks: Towards Good Practices for Deep Action
               Recognition},
  journal   = {CoRR},
  volume    = {abs/1608.00859},
  year      = {2016},
  url       = {http://arxiv.org/abs/1608.00859},
  archivePrefix = {arXiv},
  eprint    = {1608.00859},
  timestamp = {Wed, 11 Sep 2019 15:40:23 +0200},
  biburl    = {https://dblp.org/rec/bib/journals/corr/WangXW0LTG16},
  bibsource = {dblp computer science bibliography, https://dblp.org}
}
                  
@Comment C3D
@article{Tran2014LearningSF,
  title={Learning Spatiotemporal Features with 3D Convolutional Networks},
  author={Du Tran and Lubomir D. Bourdev and Rob Fergus and Lorenzo Torresani and Manohar Paluri},
  journal={2015 IEEE International Conference on Computer Vision (ICCV)},
  year={2014},
  pages={4489-4497}
}
                  
@Comment I3D                  
@article{DBLP:journals/corr/CarreiraZ17,
  author    = {Jo{\~{a}}o Carreira and
               Andrew Zisserman},
  title     = {Quo Vadis, Action Recognition? {A} New Model and the Kinetics Dataset},
  journal   = {CoRR},
  volume    = {abs/1705.07750},
  year      = {2017},
  url       = {http://arxiv.org/abs/1705.07750},
  archivePrefix = {arXiv},
  eprint    = {1705.07750},
  timestamp = {Mon, 13 Aug 2018 16:47:23 +0200},
  biburl    = {https://dblp.org/rec/bib/journals/corr/CarreiraZ17},
  bibsource = {dblp computer science bibliography, https://dblp.org}
}                  


@Comment 3D ResNet firt paper                  
@article{DBLP:journals/corr/abs-1708-07632,
  author    = {Kensho Hara and
               Hirokatsu Kataoka and
               Yutaka Satoh},
  title     = {Learning Spatio-Temporal Features with 3D Residual Networks for Action
               Recognition},
  journal   = {CoRR},
  volume    = {abs/1708.07632},
  year      = {2017},
  url       = {http://arxiv.org/abs/1708.07632},
  archivePrefix = {arXiv},
  eprint    = {1708.07632},
  timestamp = {Mon, 13 Aug 2018 16:47:12 +0200},
  biburl    = {https://dblp.org/rec/bib/journals/corr/abs-1708-07632},
  bibsource = {dblp computer science bibliography, https://dblp.org}
}                  
@Comment Can Spatiotemporal 3D CNNs Retrace the History of 2D CNNs and ImageNet? - 3D ResNet second paper
@InProceedings{Hara_2018_CVPR,
author = {Hara, Kensho and Kataoka, Hirokatsu and Satoh, Yutaka},
title = {Can Spatiotemporal 3D CNNs Retrace the History of 2D CNNs and ImageNet?},
booktitle = {The IEEE Conference on Computer Vision and Pattern Recognition (CVPR)},
month = {June},
year = {2018}
}
                  
@Comment R(2+1)D
@article{DBLP:journals/corr/abs-1711-11248,
  author    = {Du Tran and
               Heng Wang and
               Lorenzo Torresani and
               Jamie Ray and
               Yann LeCun and
               Manohar Paluri},
  title     = {A Closer Look at Spatiotemporal Convolutions for Action Recognition},
  journal   = {CoRR},
  volume    = {abs/1711.11248},
  year      = {2017},
  url       = {http://arxiv.org/abs/1711.11248},
  archivePrefix = {arXiv},
  eprint    = {1711.11248},
  timestamp = {Mon, 13 Aug 2018 16:46:39 +0200},
  biburl    = {https://dblp.org/rec/bib/journals/corr/abs-1711-11248},
  bibsource = {dblp computer science bibliography, https://dblp.org}
}
                  
@Comment 2D/3D Action Recognition
@article{DBLP:journals/corr/abs-1802-09232,
  author    = {Diogo C. Luvizon and
               David Picard and
               Hedi Tabia},
  title     = {2D/3D Pose Estimation and Action Recognition using Multitask Deep
               Learning},
  journal   = {CoRR},
  volume    = {abs/1802.09232},
  year      = {2018},
  url       = {http://arxiv.org/abs/1802.09232},
  archivePrefix = {arXiv},
  eprint    = {1802.09232},
  timestamp = {Mon, 13 Aug 2018 16:48:55 +0200},
  biburl    = {https://dblp.org/rec/bib/journals/corr/abs-1802-09232},
  bibsource = {dblp computer science bibliography, https://dblp.org}
}

@Comment human action recognition from skeleton sequences
@article{Luvizon_PRL_2017,
  author = "Diogo Carbonera Luvizon and Hedi Tabia and David Picard",
  title = "Learning features combination for human action recognition from skeleton sequences",
  journal = "Pattern Recognition Letters",
  volume = "99",
  pages = "13 - 20",
  year = "2017",
  doi = "https://doi.org/10.1016/j.patrec.2017.02.001",
}
                  
@Comment Recurrent Tubelet Proposal and Recognition Networks
@InProceedings{Li_2018_ECCV,
author = {Li, Dong and Qiu, Zhaofan and Dai, Qi and Yao, Ting and Mei, Tao},
title = {Recurrent Tubelet Proposal and Recognition Networks for Action Detection},
booktitle = {The European Conference on Computer Vision (ECCV)},
month = {September},
year = {2018}
}

@Comment Dense-Net                  
@article{DBLP:journals/corr/HuangLW16a,
  author    = {Gao Huang and
               Zhuang Liu and
               Kilian Q. Weinberger},
  title     = {Densely Connected Convolutional Networks},
  journal   = {CoRR},
  volume    = {abs/1608.06993},
  year      = {2016},
  url       = {http://arxiv.org/abs/1608.06993},
  archivePrefix = {arXiv},
  eprint    = {1608.06993},
  timestamp = {Mon, 10 Sep 2018 15:49:32 +0200},
  biburl    = {https://dblp.org/rec/bib/journals/corr/HuangLW16a},
  bibsource = {dblp computer science bibliography, https://dblp.org}
}

@Comment APO DW KAI PERA DEN EXW DIAVASEI
@article{BobickAaron,
author = {Bobick, Aaron and Davis, J.W.},
year = {2001},
month = {04},
pages = {257 - 267},
title = {The recognition of human movement using temporal templates},
volume = {23},
journal = {Pattern Analysis and Machine Intelligence, IEEE Transactions on},
doi = {10.1109/34.910878}
}

@INPROCEEDINGS{1467296,
author={E. {Shechtman} and M. {Irani}},
booktitle={2005 IEEE Computer Society Conference on Computer Vision and Pattern Recognition (CVPR'05)},
title={Space-time behavior based correlation},
year={2005},
volume={1},
number={},
pages={405-412 vol. 1},
keywords={image matching;image sequences;video signal processing;correlation theory;space-time behavior based correlation;intensity information;2D image correlation;3D space-time volume;video sequences;Motion estimation;Video sequences;Motion measurement;Image segmentation;Videoconference;Performance evaluation;Tracking;Volume measurement;Optical filters;Apertures},
doi={10.1109/CVPR.2005.328},
ISSN={},
month={June},}

@INPROCEEDINGS{4270510,
author={Y. {Ke} and R. {Sukthankar} and M. {Hebert}},
booktitle={2007 IEEE Conference on Computer Vision and Pattern Recognition},
title={Spatio-temporal Shape and Flow Correlation for Action Recognition},
year={2007},
volume={},
number={},
pages={1-8},
keywords={correlation methods;feature extraction;gesture recognition;image classification;image segmentation;spatiotemporal phenomena;video signal processing;action recognition;spatiotemporal shape;flow-based correlation technique;video classification;video segmentation;object segmentation;feature extraction;tennis video;Shape;Cameras;Robustness;Image motion analysis;Image recognition;Humans;Computer science;Object segmentation;Object recognition;Image analysis},
doi={10.1109/CVPR.2007.383512},
ISSN={},
month={June},}

@INPROCEEDINGS{4587727,
author={M. D. {Rodriguez} and J. {Ahmed} and M. {Shah}},
booktitle={2008 IEEE Conference on Computer Vision and Pattern Recognition},
title={Action MACH a spatio-temporal Maximum Average Correlation Height filter for action recognition},
year={2008},
volume={},
number={},
pages={1-8},
keywords={Fourier transforms;frequency-domain analysis;image recognition;action MACH;spatio-temporal maximum average correlation height filter;action recognition;template-based method;intra-class variability;3D spatiotemporal volume;frequency domain;Clifford Fourier transform;annotated human action datasets;Humans;Image motion analysis;Data analysis;Fourier transforms;Optical films;Optical filters;Computer vision;Spatiotemporal phenomena;Frequency domain analysis;Computational efficiency},
doi={10.1109/CVPR.2008.4587727},
ISSN={},
month={June},}

@INPROCEEDINGS{1541250,
author={Y. {Sheikh} and M. {Sheikh} and M. {Shah}},
booktitle={Tenth IEEE International Conference on Computer Vision (ICCV'05) Volume 1},
title={Exploring the space of a human action},
year={2005},
volume={1},
number={},
pages={144-149 Vol. 1},
keywords={image recognition;image motion analysis;statistical analysis;human action recognition;execution rate;actor anthropometry;spatio-temporal space;image measurement;principal angle;statistical fluctuation;image recognition;Space exploration;Humans;Cameras;Computer vision;Anthropometry;Object recognition;Laboratories;Computer science;Linear approximation;Image recognition},
doi={10.1109/ICCV.2005.90},
ISSN={},
month={Oct},}

@INPROCEEDINGS{1541251,
author={A. {Yilmaz} and M. {Shah}},
booktitle={Tenth IEEE International Conference on Computer Vision (ICCV'05) Volume 1},
title={Recognizing human actions in videos acquired by uncalibrated moving cameras},
year={2005},
volume={1},
number={},
pages={150-157 Vol. 1},
keywords={computational geometry;image motion analysis;object recognition;video cameras;video signal processing;dynamic scene geometry;multiview geometry;camera motion;uncalibrated moving camera;video image;human action recognition;Humans;Videos;Cameras;Geometry;Computer science;Layout;Image motion analysis;Optical computing;Surveillance;Content based retrieval},
doi={10.1109/ICCV.2005.201},
ISSN={},
month={Oct},}

@INPROCEEDINGS{784616,
author={O. {Chomat} and J. L. {Crowley}},
booktitle={Proceedings. 1999 IEEE Computer Society Conference on Computer Vision and Pattern Recognition (Cat. No PR00149)},
title={Probabilistic recognition of activity using local appearance},
year={1999},
volume={2},
number={},
pages={104-109 Vol. 2},
keywords={gesture recognition;augmented reality;motion estimation;image recognition;probabilistic recognition;joint probability density functions;spatio-temporal receptive fields;hand gestures;augmented reality;Statistics;Histograms;Filters;Character recognition;Probability density function;Robustness;Lighting;Pattern recognition;Legged locomotion;Augmented reality},
doi={10.1109/CVPR.1999.784616},
ISSN={},
month={June},}

@INPROCEEDINGS{990935,
author={L. {Zelnik-Manor} and M. {Irani}},
booktitle={Proceedings of the 2001 IEEE Computer Society Conference on Computer Vision and Pattern Recognition. CVPR 2001},
title={Event-based analysis of video},
year={2001},
volume={2},
number={},
pages={II-II},
keywords={image sequences;video signal processing;image segmentation;pattern clustering;indexing;event-based analysis;dynamic events;long-term temporal objects;spatio-temporal features;multiple temporal scales;statistical distance measure;behavioral content;event clustering;event isolation;long continuous video sequences;temporal segmentation;event-consistent sub-sequences;event-consistent clusters;event-based indexing;example clips;Video sequences;Motion pictures;Length measurement;Dynamic range;Indexing;Information analysis;Parametric statistics;Stochastic processes;Computer science;Event detection},
doi={10.1109/CVPR.2001.990935},
ISSN={},
month={Dec},}

@INPROCEEDINGS{1544882,
author={M. {Blank} and L. {Gorelick} and E. {Shechtman} and M. {Irani} and R. {Basri}},
booktitle={Tenth IEEE International Conference on Computer Vision (ICCV'05) Volume 1},
title={Actions as space-time shapes},
year={2005},
volume={2},
number={},
pages={1395-1402 Vol. 2},
keywords={feature extraction;image motion analysis;image sequences;Poisson equation;space-time shapes;video sequences;space-time volume;volumetric space-time action shapes;Poisson equation;space-time feature extraction;local space-time saliency;action dynamics;shape structure;shape orientation;action recognition;action detection;video alignment;partial occlusions;2D shape analysis;Shape;Humans;Video sequences;Torso;Poisson equations;Computer vision;Information analysis;Optical computing;Image motion analysis;Motion analysis},
doi={10.1109/ICCV.2005.28},
ISSN={},
month={Oct},}

@INPROCEEDINGS{1238378,
author={ {Laptev} and {Lindeberg}},
booktitle={Proceedings Ninth IEEE International Conference on Computer Vision},
title={Space-time interest points},
year={2003},
volume={},
number={},
pages={432-439 vol.1},
keywords={image motion analysis;image representation;spatiotemporal phenomena;computer vision;feature extraction;image pattern representation;spatial interest point;spatio-temporal domain;video data representation;spatio-temporal event detection;scale-invariant spatio-temporal descriptor;human motion analysis;Event detection;Computer vision;Image motion analysis;Motion analysis;Layout;Indexing;Optical computing;Spatiotemporal phenomena;Acceleration;Videoconference},
doi={10.1109/ICCV.2003.1238378},
ISSN={},
month={Oct},}

@INPROCEEDINGS{1570899,
author={P. {Dollar} and V. {Rabaud} and G. {Cottrell} and S. {Belongie}},
booktitle={2005 IEEE International Workshop on Visual Surveillance and Performance Evaluation of Tracking and Surveillance},
title={Behavior recognition via sparse spatio-temporal features},
year={2005},
volume={},
number={},
pages={65-72},
keywords={image recognition;object detection;behavior recognition;spatio-temporal features;object recognition;Object recognition;Object detection;Detectors;Mice;Computer vision;Robustness;Spatiotemporal phenomena;Video sequences;Prototypes;Computer science},
doi={10.1109/VSPETS.2005.1570899},
ISSN={},
month={Oct},}

@inproceedings{Niebles,
author = {Niebles, Juan Carlos and Wang, Hongcheng and Li, Fei Fei},
year = {2006},
month = {09},
pages = {1249-1258},
title = {Unsupervised Learning of Human Action Categories Using Spatial-Temporal Words.},
volume = {79},
journal = {International Journal of Computer Vision}
}
                  
@INPROCEEDINGS{1467373,
author={ {Alper Yilmaz} and {Mubarak Shah}},
booktitle={2005 IEEE Computer Society Conference on Computer Vision and Pattern Recognition (CVPR'05)},
title={Actions sketch: a novel action representation},
year={2005},
volume={1},
number={},
pages={984-989 vol. 1},
keywords={object recognition;motion estimation;image sequences;graph theory;computational geometry;action sketch;action representation;3D object;2D contour;spatiotemporal volume;differential geometric surface property;action descriptor;point correspondence problem;graph theory;action recognition;Shape;Legged locomotion;Spatiotemporal phenomena;Humans;Computer vision;Hidden Markov models;Data mining;Trajectory;Computer science;Surface treatment},
doi={10.1109/CVPR.2005.58},
ISSN={},
month={June},}

@inproceedings{Ryoo2006,
author = {Ryoo, M.S. and Aggarwal, J.K.},
year = {2006},
month = {01},
pages = {379 - 378},
title = {Semantic Understanding of Continued and Recursive Human Activities},
doi = {10.1109/ICPR.2006.1043}
}

@Comment Action Classification
 @InProceedings{Guo_2018_ECCV,
author = {Guo, Michelle and Chou, Edward and Huang, De-An and Song, Shuran and Yeung, Serena and Fei-Fei, Li},
title = {Neural Graph Matching Networks for Fewshot 3D Action Recognition},
booktitle = {The European Conference on Computer Vision (ECCV)},
month = {September},
year = {2018}
}

@inproceedings{DBLP:DibaFSKAYG18,
  author    = {Ali Diba and
               Mohsen Fayyaz and
               Vivek Sharma and
               Amir Hossein Karami and
               Mohammad Mahdi Arzani and
               Rahman Yousefzadeh and
               Luc Van Gool},
  title     = {Temporal 3D ConvNets Using Temporal Transition Layer},
  booktitle = {2018 {IEEE} Conference on Computer Vision and Pattern Recognition
               Workshops, {CVPR} Workshops 2018, Salt Lake City, UT, USA, June 18-22,
               2018},
  pages     = {1117--1121},
  year      = {2018},
  url       = {http://openaccess.thecvf.com/content\_cvpr\_2018\_workshops/w19/html/Diba\_Temporal\_3D\_ConvNets\_CVPR\_2018\_paper.html},
  timestamp = {Wed, 16 Oct 2019 14:14:50 +0200},
  biburl    = {https://dblp.org/rec/bib/conf/cvpr/DibaFSKAYG18},
  bibsource = {dblp computer science bibliography, https://dblp.org}
}


@article{DBLP:journals/corr/abs-1711-01467,
  author    = {Rohit Girdhar and
               Deva Ramanan},
  title     = {Attentional Pooling for Action Recognition},
  journal   = {CoRR},
  volume    = {abs/1711.01467},
  year      = {2017},
  url       = {http://arxiv.org/abs/1711.01467},
  archivePrefix = {arXiv},
  eprint    = {1711.01467},
  timestamp = {Mon, 13 Aug 2018 16:48:58 +0200},
  biburl    = {https://dblp.org/rec/bib/journals/corr/abs-1711-01467},
  bibsource = {dblp computer science bibliography, https://dblp.org}
}



@article{DBLP:journals/corr/ZhuLNH17a,
  author    = {Yi Zhu and
               Zhen{-}Zhong Lan and
               Shawn D. Newsam and
               Alexander G. Hauptmann},
  title     = {Hidden Two-Stream Convolutional Networks for Action Recognition},
  journal   = {CoRR},
  volume    = {abs/1704.00389},
  year      = {2017},
  url       = {http://arxiv.org/abs/1704.00389},
  archivePrefix = {arXiv},
  eprint    = {1704.00389},
  timestamp = {Thu, 25 Jul 2019 16:32:57 +0200},
  biburl    = {https://dblp.org/rec/bib/journals/corr/ZhuLNH17a},
  bibsource = {dblp computer science bibliography, https://dblp.org}
}

@article{DBLP:journals/corr/ZhangWWQW16,
  author    = {Bowen Zhang and
               Limin Wang and
               Zhe Wang and
               Yu Qiao and
               Hanli Wang},
  title     = {Real-time Action Recognition with Enhanced Motion Vector CNNs},
  journal   = {CoRR},
  volume    = {abs/1604.07669},
  year      = {2016},
  url       = {http://arxiv.org/abs/1604.07669},
  archivePrefix = {arXiv},
  eprint    = {1604.07669},
  timestamp = {Wed, 11 Sep 2019 15:40:24 +0200},
  biburl    = {https://dblp.org/rec/bib/journals/corr/ZhangWWQW16},
  bibsource = {dblp computer science bibliography, https://dblp.org}
}

@INPROCEEDINGS{7298735,
author={G. {Yu} and J. {Yuan}},
booktitle={2015 IEEE Conference on Computer Vision and Pattern Recognition (CVPR)},
title={Fast action proposals for human action detection and search},
year={2015},
volume={},
number={},
pages={1302-1311},
keywords={image motion analysis;video signal processing;fast action proposals;human action detection;unconstrained videos;temporal series;spatial bounding boxes;spatiotemporal paths;action proposal generation;maximum set coverage problem;greedy search;MSRII;UCF 101;Proposals;Videos;Trajectory;Feature extraction;Electron tubes;Search problems;Computational efficiency},
doi={10.1109/CVPR.2015.7298735},
ISSN={},
month={June},}

@INPROCEEDINGS{7410732,
author={K. {Soomro} and H. {Idrees} and M. {Shah}},
booktitle={2015 IEEE International Conference on Computer Vision (ICCV)},
title={Action Localization in Videos through Context Walk},
year={2015},
volume={},
number={},
pages={3280-3288},
keywords={estimation theory;image segmentation;learning (artificial intelligence);probability;support vector machines;video signal processing;action localization;context walk;contextual relation learning;video regions;video over-segmentation;complexity reduction;action boundary preservation;supervoxel selection;probability estimation;conditional random field;SVM;support vector machines;Videos;Context;Training;Testing;Proposals;Electron tubes;Support vector machines},
doi={10.1109/ICCV.2015.375},
ISSN={},
month={Dec},}

@INPROCEEDINGS{6619185,
author={Y. {Tian} and R. {Sukthankar} and M. {Shah}},
booktitle={2013 IEEE Conference on Computer Vision and Pattern Recognition},
title={Spatiotemporal Deformable Part Models for Action Detection},
year={2013},
volume={},
number={},
pages={2642-2649},
keywords={gesture recognition;object detection;video signal processing;spatiotemporal deformable part models;action detection;object detection;image datasets;2D images;3D spatiotemporal volumes;intra-class variation;video datasets;spatiotemporal DPM;action classification;action localization;Spatiotemporal phenomena;Feature extraction;Deformable models;Computational modeling;Training;Three-dimensional displays;Solid modeling},
doi={10.1109/CVPR.2013.341},
ISSN={},
month={June},}

@inproceedings{Oneata,
author = {Oneata, Dan and Revaud, Jerome and Verbeek, Jakob and Schmid, Cordelia},
year = {2014},
month = {09},
pages = {},
title = {Spatio-Temporal Object Detection Proposals},
doi = {10.1007/978-3-319-10578-9_48}
}


@inproceedings{BMVC2015_177,
	title={APT: Action localization proposals from dense trajectories},
	author={Jan C. van Gemert and Mihir Jain and Ella Gati and Cees G. M. Snoek},
	year={2015},
	month={September},
	pages={177.1-177.12},
	articleno={177},
	numpages={12},
	booktitle={Proceedings of the British Machine Vision Conference (BMVC)},
	publisher={BMVA Press},

	doi={10.5244/C.29.177},
	isbn={1-901725-53-7},
	url={https://dx.doi.org/10.5244/C.29.177}
}

@INPROCEEDINGS{7410734,
author={W. {Chen} and J. J. {Corso}},
booktitle={2015 IEEE International Conference on Computer Vision (ICCV)},
title={Action Detection by Implicit Intentional Motion Clustering},
year={2015},
volume={},
number={},
pages={3298-3306},
keywords={feature extraction;graph theory;image motion analysis;pattern clustering;trajectory graph;spatiotemporal trajectory clustering;intentional movement extraction;intentional motion clustering;action detection;Trajectory;Proposals;Spatiotemporal phenomena;Benchmark testing;Computer vision;Tracking},
doi={10.1109/ICCV.2015.377},
ISSN={},
month={Dec},}


@article{DBLP:journals/corr/MettesGS16,
  author    = {Pascal Mettes and
               Jan C. van Gemert and
               Cees G. M. Snoek},
  title     = {Spot On: Action Localization from Pointly-Supervised Proposals},
  journal   = {CoRR},
  volume    = {abs/1604.07602},
  year      = {2016},
  url       = {http://arxiv.org/abs/1604.07602},
  archivePrefix = {arXiv},
  eprint    = {1604.07602},
  timestamp = {Mon, 13 Aug 2018 16:46:56 +0200},
  biburl    = {https://dblp.org/rec/bib/journals/corr/MettesGS16},
  bibsource = {dblp computer science bibliography, https://dblp.org}
}

@article{DBLP:journals/corr/BehlSSSCT17,
  author    = {Harkirat S. Behl and
               Michael Sapienza and
               Gurkirt Singh and
               Suman Saha and
               Fabio Cuzzolin and
               Philip H. S. Torr},
  title     = {Incremental Tube Construction for Human Action Detection},
  journal   = {CoRR},
  volume    = {abs/1704.01358},
  year      = {2017},
  url       = {http://arxiv.org/abs/1704.01358},
  archivePrefix = {arXiv},
  eprint    = {1704.01358},
  timestamp = {Mon, 13 Aug 2018 16:47:52 +0200},
  biburl    = {https://dblp.org/rec/bib/journals/corr/BehlSSSCT17},
  bibsource = {dblp computer science bibliography, https://dblp.org}
}

@article{DBLP:journals/corr/HeIDM17,
  author    = {Jiawei He and
               Mostafa S. Ibrahim and
               Zhiwei Deng and
               Greg Mori},
  title     = {Generic Tubelet Proposals for Action Localization},
  journal   = {CoRR},
  volume    = {abs/1705.10861},
  year      = {2017},
  url       = {http://arxiv.org/abs/1705.10861},
  archivePrefix = {arXiv},
  eprint    = {1705.10861},
  timestamp = {Mon, 13 Aug 2018 16:46:00 +0200},
  biburl    = {https://dblp.org/rec/bib/journals/corr/HeIDM17},
  bibsource = {dblp computer science bibliography, https://dblp.org}
}

@article{DBLP:journals/corr/SahaSC17,
  author    = {Suman Saha and
               Gurkirt Singh and
               Fabio Cuzzolin},
  title     = {AMTnet: Action-Micro-Tube regression by end-to-end trainable deep
               architecture},
  journal   = {CoRR},
  volume    = {abs/1704.04952},
  year      = {2017},
  url       = {http://arxiv.org/abs/1704.04952},
  archivePrefix = {arXiv},
  eprint    = {1704.04952},
  timestamp = {Mon, 13 Aug 2018 16:49:06 +0200},
  biburl    = {https://dblp.org/rec/bib/journals/corr/SahaSC17},
  bibsource = {dblp computer science bibliography, https://dblp.org}
}

@INPROCEEDINGS{8237881,
author={H. {Zhu} and R. {Vial} and S. {Lu}},
booktitle={2017 IEEE International Conference on Computer Vision (ICCV)},
title={TORNADO: A Spatio-Temporal Convolutional Regression Network for Video Action Proposal},
year={2017},
volume={},
number={},
pages={5814-5822},
keywords={convolution;image motion analysis;object detection;recurrent neural nets;regression analysis;video signal processing;TORNADO;spatio-temporal Convolutional regression network;video action proposal;video clip;spatio-temporal tubes;long-term recurrent convolutional network;object detection;action recognition;local temporal dynamics;human action proposal detection;regression-based detector;Convolutional LSTM;action boxes;Proposals;Detectors;Dynamic programming;Logic gates;Tornadoes;Electron tubes},
doi={10.1109/ICCV.2017.619},
ISSN={},
month={Oct},}

@article{DBLP:journals/corr/ZolfaghariOSB17,
  author    = {Mohammadreza Zolfaghari and
               Gabriel L. Oliveira and
               Nima Sedaghat and
               Thomas Brox},
  title     = {Chained Multi-stream Networks Exploiting Pose, Motion, and Appearance
               for Action Classification and Detection},
  journal   = {CoRR},
  volume    = {abs/1704.00616},
  year      = {2017},
  url       = {http://arxiv.org/abs/1704.00616},
  archivePrefix = {arXiv},
  eprint    = {1704.00616},
  timestamp = {Mon, 13 Aug 2018 16:48:43 +0200},
  biburl    = {https://dblp.org/rec/bib/journals/corr/ZolfaghariOSB17},
  bibsource = {dblp computer science bibliography, https://dblp.org}
}

@article{DBLP:journals/corr/MettesS17,
  author    = {Pascal Mettes and
               Cees G. M. Snoek},
  title     = {Spatial-Aware Object Embeddings for Zero-Shot Localization and Classification
               of Actions},
  journal   = {CoRR},
  volume    = {abs/1707.09145},
  year      = {2017},
  url       = {http://arxiv.org/abs/1707.09145},
  archivePrefix = {arXiv},
  eprint    = {1707.09145},
  timestamp = {Mon, 13 Aug 2018 16:46:34 +0200},
  biburl    = {https://dblp.org/rec/bib/journals/corr/MettesS17},
  bibsource = {dblp computer science bibliography, https://dblp.org}
}

@INPROCEEDINGS{8237344,
author={K. {Soomro} and M. {Shah}},
booktitle={2017 IEEE International Conference on Computer Vision (ICCV)},
title={Unsupervised Action Discovery and Localization in Videos},
year={2017},
volume={},
number={},
pages={696-705},
keywords={directed graphs;feature extraction;image classification;image segmentation;knapsack problems;pattern clustering;support vector machines;unsupervised learning;video signal processing;video features;undirected graph;classifier training;directed graph;knapsack optimization;SVM action classifiers;over-segmenting videos;automatic spatio-temporal annotations;unlabeled training videos;spectral clustering;bounding box annotations;unsupervised action localization;unsupervised action discovery;Videos;Training;Support vector machines;Optimization;Feature extraction;Clustering algorithms;Computer vision},
doi={10.1109/ICCV.2017.82},
ISSN={},
month={Oct},}

@article{DBLP:journals/corr/WeinzaepfelMS16,
  author    = {Philippe Weinzaepfel and
               Xavier Martin and
               Cordelia Schmid},
  title     = {Towards Weakly-Supervised Action Localization},
  journal   = {CoRR},
  volume    = {abs/1605.05197},
  year      = {2016},
  url       = {http://arxiv.org/abs/1605.05197},
  archivePrefix = {arXiv},
  eprint    = {1605.05197},
  timestamp = {Mon, 13 Aug 2018 16:47:40 +0200},
  biburl    = {https://dblp.org/rec/bib/journals/corr/WeinzaepfelMS16},
  bibsource = {dblp computer science bibliography, https://dblp.org}
}

@article{DBLP:journals/corr/abs-1807-10066,
  author    = {Rohit Girdhar and
               Jo{\~{a}}o Carreira and
               Carl Doersch and
               Andrew Zisserman},
  title     = {A Better Baseline for {AVA}},
  journal   = {CoRR},
  volume    = {abs/1807.10066},
  year      = {2018},
  url       = {http://arxiv.org/abs/1807.10066},
  archivePrefix = {arXiv},
  eprint    = {1807.10066},
  timestamp = {Mon, 13 Aug 2018 16:48:03 +0200},
  biburl    = {https://dblp.org/rec/bib/journals/corr/abs-1807-10066},
  bibsource = {dblp computer science bibliography, https://dblp.org}
}

@ARTICLE{5255236,
author={P. F. {Felzenszwalb} and R. B. {Girshick} and D. {McAllester} and D. {Ramanan}},
journal={IEEE Transactions on Pattern Analysis and Machine Intelligence},
title={Object Detection with Discriminatively Trained Part-Based Models},
year={2010},
volume={32},
number={9},
pages={1627-1645},
keywords={data mining;iterative methods;object detection;object recognition;support vector machines;object detection system;discriminative trained part-based models;multiscale deformable part models;PASCAL object detection;margin-sensitive approach;data mining;latent SVM objective function;iterative training algorithm;object recognition;support vector machine;Object detection;Deformable models;Support vector machines;Bicycles;Computer vision;Shape;Speech recognition;Computer Society;Iterative algorithms;Lighting;Object recognition;deformable models;pictorial structures;discriminative training;latent SVM.;Algorithms;Artificial Intelligence;Discriminant Analysis;Image Enhancement;Image Interpretation, Computer-Assisted;Imaging, Three-Dimensional;Pattern Recognition, Automated;Reproducibility of Results;Sensitivity and Specificity},
doi={10.1109/TPAMI.2009.167},
ISSN={},
month={Sep.},}

@Comment selective search
@ARTICLE{Uijlings13,
  author = {J.R.R. Uijlings and K.E.A. van de Sande and T. Gevers and A.W.M.
	Smeulders},
  title = {Selective Search for Object Recognition},
  journal = {International Journal of Computer Vision},
  year = {2013},
  doi = {10.1007/s11263-013-0620-5},
  owner = {jrruijli},
  timestamp = {2013.02.06},
  url = {http://www.huppelen.nl/publications/selectiveSearchDraft.pdf}
}

@inproceedings{Manen:2013:POP:2586117.2587333,
 author = {Manen, Santiago and Guillaumin, Matthieu and Gool, Luc Van},
 title = {Prime Object Proposals with Randomized Prim's Algorithm},
 booktitle = {Proceedings of the 2013 IEEE International Conference on Computer Vision},
 series = {ICCV '13},
 year = {2013},
 isbn = {978-1-4799-2840-8},
 pages = {2536--2543},
 numpages = {8},
 url = {http://dx.doi.org/10.1109/ICCV.2013.315},
 doi = {10.1109/ICCV.2013.315},
 acmid = {2587333},
 publisher = {IEEE Computer Society},
 address = {Washington, DC, USA},
 keywords = {Object Detection, Object Proposal},
}

@ARTICLE{7420739,
author={R. G. {Cinbis} and J. {Verbeek} and C. {Schmid}},
journal={IEEE Transactions on Pattern Analysis and Machine Intelligence},
title={Weakly Supervised Object Localization with Multi-Fold Multiple Instance Learning},
year={2016},
volume={39},
number={1},
pages={189-203},
keywords={computer vision;learning (artificial intelligence);neural nets;object detection;time-consuming annotation process;weakly supervised learning;supervised information;object instances;multiple-instance learning approach;positive training images;multifold multiple instance learning procedure;erroneous object locations;localization accuracy;object category localization;computer vision;standard supervised training;box annotations;weakly supervised object localization;high-dimensional representations;Fisher vectors;convolutional neural network features;Training;Supervised learning;Computational efficiency;Iterative methods;Learning systems;Object detection;Visualization;Weakly supervised learning;object detection},
doi={10.1109/TPAMI.2016.2535231},
ISSN={},
month={Jan},}

@article{DBLP:journals/corr/GuSVPRTLRSSM17,
  author    = {Chunhui Gu and
               Chen Sun and
               Sudheendra Vijayanarasimhan and
               Caroline Pantofaru and
               David A. Ross and
               George Toderici and
               Yeqing Li and
               Susanna Ricco and
               Rahul Sukthankar and
               Cordelia Schmid and
               Jitendra Malik},
  title     = {{AVA:} {A} Video Dataset of Spatio-temporally Localized Atomic Visual
               Actions},
  journal   = {CoRR},
  volume    = {abs/1705.08421},
  year      = {2017},
  url       = {http://arxiv.org/abs/1705.08421},
  archivePrefix = {arXiv},
  eprint    = {1705.08421},
  timestamp = {Mon, 13 Aug 2018 16:48:47 +0200},
  biburl    = {https://dblp.org/rec/bib/journals/corr/GuSVPRTLRSSM17},
  bibsource = {dblp computer science bibliography, https://dblp.org}
}