@Comment Faster-RNN                  
@inproceedings{Ren:2015:FRT:2969239.2969250,
 author = {Ren, Shaoqing and He, Kaiming and Girshick, Ross and Sun, Jian},
 title = {Faster R-CNN: Towards Real-time Object Detection with Region Proposal Networks},
 booktitle = {Proceedings of the 28th International Conference on Neural Information Processing Systems - Volume 1},
 series = {NIPS'15},
 year = {2015},
 location = {Montreal, Canada},
 pages = {91--99},
 numpages = {9},
 url = {http://dl.acm.org/citation.cfm?id=2969239.2969250},
 acmid = {2969250},
 publisher = {MIT Press},
 address = {Cambridge, MA, USA},
} 
                  
@Comment R-CNN                  
@article{DBLP:journals/corr/GirshickDDM13,
  author    = {Ross B. Girshick and
               Jeff Donahue and
               Trevor Darrell and
               Jitendra Malik},
  title     = {Rich feature hierarchies for accurate object detection and semantic
               segmentation},
  journal   = {CoRR},
  volume    = {abs/1311.2524},
  year      = {2013},
  url       = {http://arxiv.org/abs/1311.2524},
  archivePrefix = {arXiv},
  eprint    = {1311.2524},
  timestamp = {Mon, 13 Aug 2018 16:48:09 +0200},
  biburl    = {https://dblp.org/rec/bib/journals/corr/GirshickDDM13},
  bibsource = {dblp computer science bibliography, https://dblp.org}
}
                  
@Comment Fast-RCNN
@inproceedings{Girshick:2015:FR:2919332.2920125,
 author = {Girshick, Ross},
 title = {Fast R-CNN},
 booktitle = {Proceedings of the 2015 IEEE International Conference on Computer Vision (ICCV)},
 series = {ICCV '15},
 year = {2015},
 isbn = {978-1-4673-8391-2},
 pages = {1440--1448},
 numpages = {9},
 url = {http://dx.doi.org/10.1109/ICCV.2015.169},
 doi = {10.1109/ICCV.2015.169},
 acmid = {2920125},
 publisher = {IEEE Computer Society},
 address = {Washington, DC, USA},
} 
